@misc{origin,
  author = {Robert R. Tucci},
  title = "{QC} {P}aulinesia",
  howpublished = "\url{https://arxiv.org/abs/quant-ph/0407215}"
}

@misc{bar,
  author = {Barenco Adriano and Bennett and Charles H. and Cleve and Richard and DiVincenzo and David P. and Margolus and Norman and Shor and Peter and Sleator and Tycho and Smolin and John A. and Weinfurter and Harald},
  title = {Elementary Gates for Quantum Computation},
  howpublished = "\url{https://arxiv.org/abs/quant-ph/9503016}"
}

@misc{qubiter,
  author = {Robert R. Tucci},
  title = {A Rudimentary Quantum Compiler (2cnd ed.)},
  howpublished = "\url{https://arxiv.org/abs/quant-ph/9902062}"
}


@misc{childs,
  author = {A. M. Childs and D. W. Leung and M. A. Nielsen},
  title = {Unified derivations of measurement-based
schemes for quantum computation},
  howpublished = "\url{https://arxiv.org/abs/quant-ph/0404132}"
}


@misc{tele,
  author = {Charles H. Bennett and Gilles Brassard and
Claude Crepeau and Richard Jozsa and
Ashes Peres and and William K. Wootters},
  title = {},
journal={Phys. Rev. Lett.},
number={70},
pages={1895},
year={1993}
}


@article{dense,
      author  = "C.H. Bennett and S.J. Wiesner",
      title   = "",
      journal = "Phys. Rev. Lett.",
      volume  = "69",
      pages  = "2881",
      year    = "1992"
    }

@misc{copper,
  author = {D. Coppersmith},
  title = {An approximate {F}ourier transform
useful in quantum factoring},
  howpublished = "\url{https://arxiv.org/abs/quant-ph/0201067}"
}

@misc{gott,
  author = {D. Gottesman},
  title = {The {H}eisenberg Representation of Quantum Computers},
  howpublished = "\url{https://arxiv.org/abs/quant-ph/9807006}"
}

@book{mermin,
      title     = "Quantum Computer Science: An Introduction",
      author    = "N. David Mermin",
      year      = "2007",
      publisher = "Cambridge University Press",
      address   = ""
    }

@book{PaTh,
      title     = "The Happy Isles of Oceania",
      author    = "N. David Mermin",
      year      = 1992,
      publisher = "G.P. Putnam's Sons",
      address   = ""
    }


